@inproceedings{Porteous,
  title     = {Extracting and ordering landmarks for planning},
  author    = {Julie Porteous and Laura Sebastia},
  booktitle = {Proceedings UK Planning and Scheduling SIG Workshop},
  year      = {2000}
}

@article{Hoffmann04,
  author    = {Jörg Hoffmann and Julie Porteous and Laura Sebastia},
  title     = {Ordered Landmarks in Planning},
  journal   = {Journal of Artificial Intelligence Research},
  year      = {2004},
  volume    = {22},
  pages     = {215-278}
}

@inproceedings{Helmert08,
  title     = {Landmarks revisited},
  author    = {Silvia Richter and Malte Helmert and Matthias Westphal},
  booktitle = {Proceedings of the 23rd AAAI Conference on Artificial Intelligence},
  pages     = {975--982},
  year      = {2008}
}

@inproceedings{Domshlak09,
  title     = {Landmarks, critical paths and abstractions: What’s the difference anyway},
  author    = {Malte Helmert and Carmel Domshlak},
  booktitle = {Proceedings of the International Conference on Automated Planning and Scheduling ICAPS-09},
  pages     = {162--169},
  year      = {2009}
}

@inproceedings{Domshlak09b,
   author        = {Erez Karpas and Carmel Domshlak},
   title         = {Cost-optimal Planning with Landmarks},
   booktitle     = {Proc. of Int. Joint. Conf. on Artificial Intelligence ({IJCAI})},
   year          = {2009},
   pages         = {},
}

@inproceedings{Domshlak11,
   author        = {Malte Helmert and Carmel Domshlak},
   title         = {{LM}-{C}ut: Optimal Planning with the Landmark-Cut Heuristic (planner abstract)},
   booktitle     = {Proc. of the Seventh International Planning Competition (IPC 2011), Deterministic Part},
   year          = {2011},
   pages         = {103--105},
}

@inproceedings{Helmert10,
   author        = {Blai Bonet and Malte Helmert},
   title         = {Strengthening Landmark Heuristics via Hitting Sets},
   booktitle     = {Proc. of Euro. Conf. on Artificial Intelligence ({ECAI})},
   year          = {2010},
   pages         = {329--334},
}

@inproceedings{Keyder10,
   author        = {Emil Keyder, Silvia Richter and Malte Helmert},
   title         = {Sound and Complete Landmarks for And/Or Graphs},
   booktitle     = {Proc. of Euro. Conf. on Artificial Intelligence ({ECAI})},
   year          = {2010},
   pages         = {335-340},
}

